{
  "leader": "02723cam a2200457 a 4500",
  "fields": [
    {
      "001": "ocm02192129\\"
    },
    {
      "003": "OCoLC"
    },
    {
      "005": "20221221104706.0"
    },
    {
      "008": "760525s1975\\\\\\\\nyuac\\\\\\\\bc\\\\\\000\\0\\eng\\d"
    },
    {
      "040": {
        "ind1": "\\",
        "ind2": "\\",
        "subfields": [
          {
            "a": "YUS"
          },
          {
            "b": "eng"
          },
          {
            "c": "YUS"
          },
          {
            "d": "OCLCQ"
          },
          {
            "d": "UUS"
          },
          {
            "d": "UKTTE"
          },
          {
            "d": "OCLCQ"
          },
          {
            "d": "OCLCF"
          },
          {
            "d": "OCLCO"
          },
          {
            "d": "OCLCQ"
          },
          {
            "d": "GZM"
          },
          {
            "d": "OCLCA"
          },
          {
            "d": "OCLCO"
          },
          {
            "d": "OCLCQ"
          }
        ]
      }
    },
    {
      "019": {
        "ind1": "\\",
        "ind2": "\\",
        "subfields": [
          {
            "a": "501122553"
          },
          {
            "a": "658135435"
          }
        ]
      }
    },
    {
      "020": {
        "ind1": "\\",
        "ind2": "\\",
        "subfields": [
          {
            "a": "0914782037"
          }
        ]
      }
    },
    {
      "020": {
        "ind1": "\\",
        "ind2": "\\",
        "subfields": [
          {
            "a": "9780914782032"
          }
        ]
      }
    },
    {
      "035": {
        "ind1": "\\",
        "ind2": "\\",
        "subfields": [
          {
            "a": "(OCoLC)2192129"
          },
          {
            "z": "(OCoLC)501122553"
          },
          {
            "z": "(OCoLC)658135435"
          }
        ]
      }
    },
    {
      "050": {
        "ind1": "\\",
        "ind2": "4",
        "subfields": [
          {
            "a": "ND237.T654"
          },
          {
            "b": "A4 1975"
          }
        ]
      }
    },
    {
      "082": {
        "ind1": "0",
        "ind2": "4",
        "subfields": [
          {
            "a": "759.13"
          },
          {
            "b": "TOM"
          }
        ]
      }
    },
    {
      "100": {
        "ind1": "1",
        "ind2": "\\",
        "subfields": [
          {
            "a": "Tomlin, Bradley Walker,"
          },
          {
            "d": "1899-1953."
          }
        ]
      }
    },
    {
      "245": {
        "ind1": "1",
        "ind2": "0",
        "subfields": [
          {
            "a": "Bradley Walker Tomlin :"
          },
          {
            "b": "a retrospective view."
          }
        ]
      }
    },
    {
      "260": {
        "ind1": "\\",
        "ind2": "\\",
        "subfields": [
          {
            "a": "Buffalo :"
          },
          {
            "b": "Buffalo Fine Arts Academy,"
          },
          {
            "c": "\u00a91975."
          }
        ]
      }
    },
    {
      "300": {
        "ind1": "\\",
        "ind2": "\\",
        "subfields": [
          {
            "a": "164 pages :"
          },
          {
            "b": "illustrations (some color), portraits ;"
          },
          {
            "c": "26 x 22 cm"
          }
        ]
      }
    },
    {
      "336": {
        "ind1": "\\",
        "ind2": "\\",
        "subfields": [
          {
            "a": "text"
          },
          {
            "b": "txt"
          },
          {
            "2": "rdacontent"
          }
        ]
      }
    },
    {
      "337": {
        "ind1": "\\",
        "ind2": "\\",
        "subfields": [
          {
            "a": "unmediated"
          },
          {
            "b": "n"
          },
          {
            "2": "rdamedia"
          }
        ]
      }
    },
    {
      "338": {
        "ind1": "\\",
        "ind2": "\\",
        "subfields": [
          {
            "a": "volume"
          },
          {
            "b": "nc"
          },
          {
            "2": "rdacarrier"
          }
        ]
      }
    },
    {
      "500": {
        "ind1": "\\",
        "ind2": "\\",
        "subfields": [
          {
            "a": "Catalog of an exhibition held April 17-May 25, 1975, The Emily Lowe Gallery, Hofstra University, Hempstead, New York; Sept. 26-Nov. 9, 1975, Albright-Knox Art Gallery, Buffalo, New York; Nov. 16-Dec. 28, 1975, Munson-Williams-Proctor Institute, Utica, New York; Feb. 15-March 14, 1976, Sheldon Memorial Art Gallery, University of Nebraska, Lincoln, Nebraska; April 6-May 23, 1976, University of Art Museum, University of California, Berkeley, California."
          }
        ]
      }
    },
    {
      "500": {
        "ind1": "\\",
        "ind2": "\\",
        "subfields": [
          {
            "a": "\"This catalogue accompanies a retrospective exhibition of paintings by Bradley Walker Tomlin, organized by the Emily Lowe Gallery, Hofstra University, Hempstead and the Albright-Knox Art Gallery, Buffalo.\""
          }
        ]
      }
    },
    {
      "504": {
        "ind1": "\\",
        "ind2": "\\",
        "subfields": [
          {
            "a": "Includes bibliographical references (pages 156-159)."
          }
        ]
      }
    },
    {
      "505": {
        "ind1": "0",
        "ind2": "\\",
        "subfields": [
          {
            "a": "Foreword / Irving Sandler -- Bradley Walker Tomlin / by Jeanne Chenault -- Acknowledgments -- Lenders list -- Catalogue listings -- Catalogue Raisonne -- Chronology -- Selected Bibliography and exhibitions -- Addendum : \"The schism between art and the public\" / Bradley Walker Tomlin ; \"Tomlin : three vignettes\" / George L.K. Morris ; \"A collector's notes on Bradley Walker Tomlin / Lucille and Walter Fillin."
          }
        ]
      }
    },
    {
      "508": {
        "ind1": "\\",
        "ind2": "\\",
        "subfields": [
          {
            "a": "Introduction by Jeanne Chenault; including text by the artist."
          }
        ]
      }
    },
    {
      "600": {
        "ind1": "1",
        "ind2": "0",
        "subfields": [
          {
            "a": "Tomlin, Bradley Walker,"
          },
          {
            "d": "1899-1953"
          },
          {
            "v": "Exhibitions."
          }
        ]
      }
    },
    {
      "600": {
        "ind1": "1",
        "ind2": "7",
        "subfields": [
          {
            "a": "Tomlin, Bradley Walker,"
          },
          {
            "d": "1899-1953."
          },
          {
            "2": "fast"
          },
          {
            "0": "(OCoLC)fst01917435"
          }
        ]
      }
    },
    {
      "655": {
        "ind1": "\\",
        "ind2": "7",
        "subfields": [
          {
            "a": "Exhibition catalogs."
          },
          {
            "2": "fast"
          },
          {
            "0": "(OCoLC)fst01424028"
          }
        ]
      }
    },
    {
      "700": {
        "ind1": "1",
        "ind2": "\\",
        "subfields": [
          {
            "a": "Sandler, Irving,"
          },
          {
            "d": "1925-2018."
          }
        ]
      }
    },
    {
      "700": {
        "ind1": "1",
        "ind2": "\\",
        "subfields": [
          {
            "a": "Porter, Jeanne Chenault."
          }
        ]
      }
    },
    {
      "700": {
        "ind1": "1",
        "ind2": "\\",
        "subfields": [
          {
            "a": "Morris, George L. K.,"
          },
          {
            "d": "1905-1975."
          }
        ]
      }
    },
    {
      "700": {
        "ind1": "1",
        "ind2": "\\",
        "subfields": [
          {
            "a": "Fillin, Lucille."
          }
        ]
      }
    },
    {
      "700": {
        "ind1": "1",
        "ind2": "\\",
        "subfields": [
          {
            "a": "Fillin, Walter."
          }
        ]
      }
    },
    {
      "710": {
        "ind1": "2",
        "ind2": "\\",
        "subfields": [
          {
            "a": "Albright-Knox Art Gallery."
          }
        ]
      }
    },
    {
      "710": {
        "ind1": "2",
        "ind2": "\\",
        "subfields": [
          {
            "a": "Emily Lowe Gallery."
          }
        ]
      }
    },
    {
      "994": {
        "ind1": "\\",
        "ind2": "\\",
        "subfields": [
          {
            "a": "Z0"
          },
          {
            "b": "NYRVC"
          }
        ]
      }
    },
    {
      "948": {
        "ind1": "\\",
        "ind2": "\\",
        "subfields": [
          {
            "h": "NO HOLDINGS IN NYRVC - 27 OTHER HOLDINGS"
          }
        ]
      }
    },
    {
      "999": {
        "ind1": "\\",
        "ind2": "\\",
        "subfields": [
          {
            "a": "00000000010480"
          }
        ]
      }
    }
  ]
}